<?xml version="1.0" encoding="UTF-8"?><collection xmlns="http://www.loc.gov/MARC21/slim"><record><leader>00433nam--2200133-i-4500</leader><controlfield tag="001">000020470</controlfield><controlfield tag="002">20161230</controlfield><controlfield tag="005">20161230201033</controlfield><controlfield tag="008">060222s1000------------r-----000-0-eng-d</controlfield><datafield ind1=" " ind2=" " tag="080"><subfield code="a">537.32:621.362(043)</subfield></datafield><datafield ind1=" " ind2=" " tag="100"><subfield code="a">Favre, Raymond</subfield></datafield><datafield ind1=" " ind2=" " tag="245"><subfield code="a">Mise au point d`un four a bombardement electronique - etude des diborures de titane de zirconium et de hafnium.these</subfield></datafield><datafield ind1=" " ind2=" " tag="260"><subfield code="a">Lyon, Universite Claude-bernard, 1971.   89 P</subfield></datafield><datafield ind1=" " ind2=" " tag="852"><subfield code="a">78123</subfield></datafield></record></collection>